@book{tag-book,
  title={title},
  author={author},
  url={http://books.google.com/},
  year={2018},
  publisher={publisher}
}
